

<record>
  <leader>00667nam a2200169   4500</leader>
  <controlfield tag="001">BIBLIOPAC-000061</controlfield>
  <controlfield tag="008">030701s1996    bl     f      000 0 por  </controlfield>
  <datafield tag="020" ind1=" " ind2=" ">
    <subfield code="a">8528500144</subfield>
  </datafield>
  <datafield tag="082" ind1="1" ind2=" ">
    <subfield code="a">001.4</subfield>
  </datafield>
  <datafield tag="090" ind1=" " ind2=" ">
    <subfield code="a">001.4</subfield>
    <subfield code="b">P474</subfield>
  </datafield>
  <datafield tag="245" ind1="0" ind2="0">
    <subfield code="a">Pesquisas recentes em energia, meio ambiente e tecnologia / </subfield>
    <subfield code="c">Marcos Aurélio Vasconcelos de Freitas, Luís Eduardo Duque Dutra, organizadores ; Luiz Pinguelli Rosa, prefácio ; Marcos Aurélio Vasconcelos de Freitas ... [et al.].</subfield>
  </datafield>
  <datafield tag="260" ind1=" " ind2=" ">
    <subfield code="a">Rio de Janeiro : </subfield>
    <subfield code="b">COPPE/UFRJ, </subfield>
    <subfield code="c">1996.</subfield>
  </datafield>
  <datafield tag="300" ind1=" " ind2=" ">
    <subfield code="a">133 p. : </subfield>
    <subfield code="b">il., mapas.</subfield>
  </datafield>
  <datafield tag="650" ind1=" " ind2="0">
    <subfield code="a">Desenvolvimento energético</subfield>
    <subfield code="z">Brasil.</subfield>
  </datafield>
  <datafield tag="650" ind1=" " ind2="0">
    <subfield code="a">Energia elétrica</subfield>
    <subfield code="z">Brasil.</subfield>
  </datafield>
  <datafield tag="942" ind1=" " ind2=" ">
    <subfield code="c">L</subfield>
  </datafield>
  <datafield tag="999" ind1=" " ind2=" ">
    <subfield code="c">6888</subfield>
    <subfield code="d">6888</subfield>
  </datafield>
  <datafield tag="952" ind1=" " ind2=" ">
    <subfield code="0">0</subfield>
    <subfield code="1">0</subfield>
    <subfield code="4">0</subfield>
    <subfield code="6">001_400000000000000_P474</subfield>
    <subfield code="7">0</subfield>
    <subfield code="8">G</subfield>
    <subfield code="9">8448</subfield>
    <subfield code="a">sdin</subfield>
    <subfield code="b">sdin</subfield>
    <subfield code="d">2016-11-23</subfield>
    <subfield code="l">0</subfield>
    <subfield code="o">001.4 P474</subfield>
    <subfield code="p">99-0372</subfield>
    <subfield code="r">2016-11-23</subfield>
    <subfield code="w">2016-11-23</subfield>
    <subfield code="y">L</subfield>
  </datafield>
</record>