

<record>
  <leader>00757nam a2200193   4500</leader>
  <controlfield tag="001">BIBLIOPAC-009435</controlfield>
  <controlfield tag="005">20161123142656.0</controlfield>
  <controlfield tag="008">100831s2006    bl a   fr    0000 0 por  </controlfield>
  <datafield tag="082" ind1="1" ind2=" ">
    <subfield code="a">001.409811</subfield>
  </datafield>
  <datafield tag="090" ind1=" " ind2=" ">
    <subfield code="a">001.409811</subfield>
    <subfield code="b">S471</subfield>
  </datafield>
  <datafield tag="111" ind1="2" ind2=" ">
    <subfield code="a">Semináro de Iniciação Científica </subfield>
    <subfield code="n">(17. : </subfield>
    <subfield code="d">2006 : </subfield>
    <subfield code="c">Belém)</subfield>
  </datafield>
  <datafield tag="245" ind1="1" ind2="0">
    <subfield code="a">Resumos do XVII Seminário de Iniciação Científica da UFPA / </subfield>
    <subfield code="c">Universidade Federal do Pará; Conselho Nacional de Desenvolvimento Científico e Tecnológico. </subfield>
  </datafield>
  <datafield tag="260" ind1=" " ind2=" ">
    <subfield code="a">Belém, PA : </subfield>
    <subfield code="b">EDUFPA, </subfield>
    <subfield code="c">2006.</subfield>
  </datafield>
  <datafield tag="300" ind1=" " ind2=" ">
    <subfield code="a">445 p.</subfield>
  </datafield>
  <datafield tag="650" ind1=" " ind2="4">
    <subfield code="a">Ciência</subfield>
    <subfield code="z">Amazonas</subfield>
    <subfield code="x">Congressos.</subfield>
  </datafield>
  <datafield tag="650" ind1=" " ind2="4">
    <subfield code="a">Pesquisa</subfield>
    <subfield code="z">Amazonas</subfield>
    <subfield code="x">Congressos.</subfield>
  </datafield>
  <datafield tag="650" ind1=" " ind2="4">
    <subfield code="a">Programa Institucional de Bolsas de Iniciação Científica</subfield>
    <subfield code="z">Amazonas.</subfield>
  </datafield>
  <datafield tag="942" ind1=" " ind2=" ">
    <subfield code="c">L</subfield>
  </datafield>
  <datafield tag="999" ind1=" " ind2=" ">
    <subfield code="c">16190</subfield>
    <subfield code="d">16190</subfield>
  </datafield>
  <datafield tag="952" ind1=" " ind2=" ">
    <subfield code="0">0</subfield>
    <subfield code="1">0</subfield>
    <subfield code="2">ddc</subfield>
    <subfield code="4">0</subfield>
    <subfield code="6">AM_001_409811000000000_S471</subfield>
    <subfield code="7">0</subfield>
    <subfield code="8">AM</subfield>
    <subfield code="9">22041</subfield>
    <subfield code="a">sdin</subfield>
    <subfield code="b">sdin</subfield>
    <subfield code="d">2016-11-23</subfield>
    <subfield code="l">0</subfield>
    <subfield code="o">AM 001.409811 S471</subfield>
    <subfield code="p">08-0109</subfield>
    <subfield code="r">2016-11-23</subfield>
    <subfield code="w">2016-11-23</subfield>
    <subfield code="y">L</subfield>
  </datafield>
</record>