

<record>
  <leader>00653nam a2200169   4500</leader>
  <controlfield tag="001">BIBLIOPAC-010543</controlfield>
  <controlfield tag="005">20161123142911.0</controlfield>
  <controlfield tag="008">140507s2010    bl     f     0000 0 por  </controlfield>
  <datafield tag="082" ind1="1" ind2=" ">
    <subfield code="a">001.424</subfield>
  </datafield>
  <datafield tag="090" ind1=" " ind2=" ">
    <subfield code="a">001.424</subfield>
    <subfield code="b">J82</subfield>
  </datafield>
  <datafield tag="111" ind1="2" ind2=" ">
    <subfield code="a">Jornada de iniciação e pesquisa científica e tecnológica do IESPES</subfield>
    <subfield code="n">(7, </subfield>
    <subfield code="d">10 a 12 de maio de 2010, </subfield>
    <subfield code="c">Santarém, PA.)</subfield>
  </datafield>
  <datafield tag="245" ind1="1" ind2="0">
    <subfield code="a">Pesquisa científica :  </subfield>
    <subfield code="b">a pesquisa interdisciplinar e a integração / </subfield>
    <subfield code="c">Jornada de iniciação e pesquisa científica e tecnológica do IESPES.</subfield>
  </datafield>
  <datafield tag="260" ind1=" " ind2=" ">
    <subfield code="a">Santarém : </subfield>
    <subfield code="b">Iespes, </subfield>
    <subfield code="c">2010.</subfield>
  </datafield>
  <datafield tag="300" ind1=" " ind2=" ">
    <subfield code="a">182 p.</subfield>
  </datafield>
  <datafield tag="650" ind1=" " ind2="4">
    <subfield code="a">Pesquisa científica</subfield>
    <subfield code="v">Resumos.</subfield>
  </datafield>
  <datafield tag="942" ind1=" " ind2=" ">
    <subfield code="c">L</subfield>
  </datafield>
  <datafield tag="999" ind1=" " ind2=" ">
    <subfield code="c">17253</subfield>
    <subfield code="d">17253</subfield>
  </datafield>
  <datafield tag="952" ind1=" " ind2=" ">
    <subfield code="0">0</subfield>
    <subfield code="1">0</subfield>
    <subfield code="4">0</subfield>
    <subfield code="6">001_424000000000000_J82</subfield>
    <subfield code="7">0</subfield>
    <subfield code="8">G</subfield>
    <subfield code="9">23435</subfield>
    <subfield code="a">sdin</subfield>
    <subfield code="b">sdin</subfield>
    <subfield code="d">2016-11-23</subfield>
    <subfield code="l">0</subfield>
    <subfield code="o">001.424 J82</subfield>
    <subfield code="p">14-0500</subfield>
    <subfield code="r">2016-11-23</subfield>
    <subfield code="w">2016-11-23</subfield>
    <subfield code="y">L</subfield>
  </datafield>
</record>