

<record>
  <leader>00624cam a22002177a 4500</leader>
  <controlfield tag="003">BR-RjBN</controlfield>
  <controlfield tag="005">20161124164441.0</controlfield>
  <controlfield tag="008">970609s19960000bam           000 0 por d</controlfield>
  <datafield tag="020" ind1=" " ind2=" ">
    <subfield code="a">85-85482-65-6  (broch.).</subfield>
  </datafield>
  <datafield tag="035" ind1=" " ind2=" ">
    <subfield code="a">98041716490184E53</subfield>
  </datafield>
  <datafield tag="040" ind1=" " ind2=" ">
    <subfield code="a">Br</subfield>
    <subfield code="b">por</subfield>
  </datafield>
  <datafield tag="082" ind1="0" ind2="4">
    <subfield code="a">001.42</subfield>
    <subfield code="2">19</subfield>
  </datafield>
  <datafield tag="090" ind1=" " ind2=" ">
    <subfield code="a">001.42</subfield>
    <subfield code="b">S481m</subfield>
  </datafield>
  <datafield tag="100" ind1="1" ind2=" ">
    <subfield code="a">Seráfico, José.</subfield>
  </datafield>
  <datafield tag="245" ind1="1" ind2="0">
    <subfield code="a">Metodos e tecnicas de pesquisa aplicados a administração /</subfield>
    <subfield code="c">Jose Serafico. -</subfield>
  </datafield>
  <datafield tag="260" ind1=" " ind2=" ">
    <subfield code="a">Manaus :</subfield>
    <subfield code="b">EDUA,</subfield>
    <subfield code="c">1996.</subfield>
  </datafield>
  <datafield tag="300" ind1=" " ind2=" ">
    <subfield code="a">xi, 140p. ; </subfield>
    <subfield code="c">22cm.</subfield>
  </datafield>
  <datafield tag="650" ind1="0" ind2="4">
    <subfield code="a">Administração de empresas - </subfield>
    <subfield code="x">Metodologia</subfield>
  </datafield>
  <datafield tag="852" ind1=" " ind2=" ">
    <subfield code="a">Obras Gerais</subfield>
  </datafield>
  <datafield tag="942" ind1=" " ind2=" ">
    <subfield code="c">L</subfield>
  </datafield>
  <datafield tag="999" ind1=" " ind2=" ">
    <subfield code="c">17953</subfield>
    <subfield code="d">17953</subfield>
  </datafield>
  <datafield tag="952" ind1=" " ind2=" ">
    <subfield code="0">0</subfield>
    <subfield code="1">0</subfield>
    <subfield code="2">ddc</subfield>
    <subfield code="4">0</subfield>
    <subfield code="6">001_420000000000000_S481M</subfield>
    <subfield code="7">0</subfield>
    <subfield code="8">G</subfield>
    <subfield code="9">24233</subfield>
    <subfield code="a">sdin</subfield>
    <subfield code="b">sdin</subfield>
    <subfield code="d">2016-11-24</subfield>
    <subfield code="l">0</subfield>
    <subfield code="o">001.42 S481m</subfield>
    <subfield code="p">2016-0548</subfield>
    <subfield code="r">2016-11-24</subfield>
    <subfield code="w">2016-11-24</subfield>
    <subfield code="y">L</subfield>
  </datafield>
</record>

</collection>
